@article{cookielessMonster, 
  author =       "Nick Nikiforakis and Alexandros Kapravelos and Wouter Joosen and Christopher Kruegel and Frank Piessens and Giovanni Vigna",
  title =        "Cookieless Monster: Exploring the Ecosystem of Web-based Device Fingerprinting",
  journal =      "SP '13 Proceedings of the 2013 IEEE Symposium on Security and Privacy",
  pages =        "541--555 ", 
  year =         "2013",
  DOI =          "http://dl.acm.org/citation.cfm?id=2498133",
  keywords =     "cookies,fingerprinting,tracking"
}

@article{dustingFP, 
  title={FPDetective: dusting the web for fingerprinters},
  author={Acar, Gunes and Juarez, Marc and Nikiforakis, Nick and Diaz, Claudia and G{\"u}rses, Seda and Piessens, Frank and Preneel, Bart},
  booktitle={Proceedings of the 2013 ACM SIGSAC conference on Computer \& communications security},
  pages={1129--1140},
  year={2013},
  organization={ACM}
}

@article{webNeverForgets,
    author =    "Acar, Gunes and Eubank, Christian and Englehardt, Steven and Juarez, Marc and Narayanan, Arvind and Diaz, Claudia",
  title =       "The web never forgets: Persistent tracking mechanisms in the wild",
  journal =     "Proceedings of the 2014 ACM SIGSAC Conference on Computer and Communications Security",
  pages =       "674--689",
  year =         "2014",
}

@article{sellingPrivacy,
  title={Selling off privacy at auction},
  author={Olejnik, Lukasz and Minh-Dung, Tran and Castelluccia, Claude and others},
  booktitle={Annual Network and Distributed System Security Symposium (NDSS). IEEE},
  year={2014}
}

@article{adExchanges,
  title={Ad Networks vs. Ad Exchanges: How They Stack Up},
  author={OpenX},
  year={2010}
}

@article{uniqueBrowser, 
  author =       "Peter Eckersley",
  title =        "How Unique Is Your Web Browser?",
  journal =      "SP '13 Proceedings of the 2013 IEEE Symposium on Security and Privacy",
  pages =        "541--555 ", 
  year =         "2010",
  DOI =          "http://dl.acm.org/citation.cfm?id=2498133",
  keywords =     "fingerprinting,browser"
}

@article {roesner,
 author = "Roesner, Franziska and Kohno, Tadayoshi and Wetherall, David",
 title = "Detecting and Defending Against Third-party Tracking on the Web",
 journal = "Proceedings of the 9th USENIX Conference on Networked Systems Design and Implementation",
 year = "2012",
 DOI = "http://dl.acm.org/citation.cfm?id=2228298.2228315"
}


@article{flashCookiesPrivacy, 
  author =       "Ashkan Soltani and Shannon Canty and Quentin Mayo and Lauren Thomas and Chris Jay Hoofnagle",
  title =        "Flash Cookies and Privacy",
  journal =      "In AAAI Spring Symposium: Intelligent Information Privacy Management",
  year =         "2011",
  DOI = "http://www.aaai.org/ocs/index.php/SSS/SSS10/paper/download/1070/1505/"
}

@online{bloomFraud,
    author = "Ben Elgin and Michael Riley and David Kocieniewski and Joshua Brustein",
    year = "2015",
    title = "Marketers thought the Web would allow perfectly targeted ads. Hasnâ€™t worked out that way.",
    url = "http://www.bloomberg.com/features/2015-click-fraud/"
}

@online{mercFraud,
    author = "Robert Cookson",
    year = "2014",
    title = "Mercedes online ads viewed more by fraudster robots than humans",
    url = "http://www.ft.com/cms/s/0/788d6d42-da6c-11e3-8273-00144feabdc0.html#axzz3qiChn3L5"
}

@online{evercookies,
    author    = "Samy Kamkar",
    year      = "2010",
    title     = "Evercookie -- never forget.",
    url       = "http://samy.pl/evercookie/",
}

@article{jsFingerprinting, 
  author =       "Keaton Mowery and Dillon Bogenreif and Scott Yilek and Hovav Shacham",
  title =        "Fingerprinting Information in JavaScript Implementations",
  journal =      "In Proceedings of W2SP 2011",
  pages =        "541--555 ", 
  year =         "2011",
  DOI =          "http://dl.acm.org/citation.cfm?id=2498133",
  keywords =     "javascript,fingerprinting,browser"
}

@online{comission2009,
    author  = "Comission,F. T.",
    year    = "2009",
    title   = "Self-regulatory principles for online behavioural advertising",
    url     = "http://www.iab.net/media/file/ven-principles-07-01-09.pdf",
    keywords = "advertising, targeted"    
}

@book{dirac,
  title={The Principles of Quantum Mechanics},
  author={Paul Adrien Maurice Dirac},
  isbn={9780198520115},
  series={International series of monographs on physics},
  year={1981},
  publisher={Clarendon Press},
  keywords = {physics}
}

@book{latexcompanion,
    author    = "Michel Goossens and Frank Mittelbach and Alexander Samarin",
    title     = "The \LaTeX\ Companion",
    year      = "1993",
    publisher = "Addison-Wesley",
    address   = "Reading, Massachusetts",
    keywords  = "latex"
}
 
@online{knuthwebsite,
    author    = "Donald Knuth",
    title     = "Knuth: Computers and Typesetting",
    url       = "http://www-cs-faculty.stanford.edu/~uno/abcde.html",
    keywords  = "latex,knuth"
}

@inbook{knuth-fa,
   author = "Donald E. Knuth",
   title = "Fundamental Algorithms",
   publisher = "Addison-Wesley",
   year = "1973",
   chapter = "1.2",
   keywords  = "knuth,programming"
}

@book{knuth-acp,
   author = "Donald E. Knuth",
   publisher = "Addison-Wesley",
   title = "The Art of Computer Programming",
   series = "Four volumes",
   year = "1968",
   note = "Seven volumes planned",
   keywords  = "knuth,programming"
}

@article{ctan,
    author  = "George D. Greenwade",
    title   = "The {C}omprehensive {T}ex {A}rchive {N}etwork ({CTAN})",
    year    = "1993",
    journal = "TUGBoat",
    volume  = "14",
    number  = "3",
    pages   = "342--351",
    keywords  = "latex"
}